@book{munkrestopology,
  author    = {Munkres, James R.},
  title     = {Topology},
  publisher = {Pearson Modern Classics},
  edition   = {2nd},
  year      = {2017}
}
